@booklet{Boole1847,
  author       = {Boole George},
  title        = {The Mathematical Analysis of Logic Being an Essay Towards a Calculus of Deductive Reasoning},
  year = {1847}
}

@article{Huntington1904,
 ISSN = {00029947},
 URL = {http://www.jstor.org/stable/1986459},
 author = {Edward V. Huntington},
 journal = {Transactions of the American Mathematical Society},
 number = {3},
 pages = {288--309},
 publisher = {American Mathematical Society},
 title = {Sets of Independent Postulates for the Algebra of Logic},
 urldate = {2024-04-25},
 volume = {5},
 year = {1904}
}

@mastersthesis{Shannon1937,
  author  = {Shannon, Claude E.},
  school  = {Massachusetts Institute of Technology. Department of Electrical Engineering and Computer Science},
  title   = {A Symbolic Analysis of Relay and Switching Circuits},
  year    = {1937}
}

@article{Dirac1939,
  title={A new notation for quantum mechanics},
  volume={35},
  DOI={10.1017/S0305004100021162},
  number={3},
  journal={Mathematical Proceedings of the Cambridge Philosophical Society},
  author={Dirac, P. A. M.},
  year={1939},
  pages={416–418}
}

@article{Landauer1961,
  author={Landauer, R.},
  journal={IBM Journal of Research and Development}, 
  title={Irreversibility and Heat Generation in the Computing Process}, 
  year={1961},
  volume={5},
  number={3},
  pages={183-191},
  keywords={},
  doi={10.1147/rd.53.0183}
}

@article{JOSEPHSON1962251,
    title = {Possible new effects in superconductive tunnelling},
    journal = {Physics Letters},
    volume = {1},
    number = {7},
    pages = {251-253},
    year = {1962},
    issn = {0031-9163},
    doi = {https://doi.org/10.1016/0031-9163(62)91369-0},
    url = {https://www.sciencedirect.com/science/article/pii/0031916362913690},
    author = {B.D. Josephson}
}

@article{Bennett1982,
  author={Bennett, Charles H.},
  title={The thermodynamics of computation---a review},
  journal={International Journal of Theoretical Physics},
  year={1982},
  month={Dec},
  day={01},
  volume={21},
  number={12},
  pages={905-940},
  issn={1572-9575},
  doi={10.1007/BF02084158},
  url={https://doi.org/10.1007/BF02084158}
}

@article{Feynman1982,
    author={Feynman, Richard P.},
    title={Simulating Physics with Computers},
    journal={International Journal of Theoretical Physics},
    year={1982},
    month={Jun},
    day={01},
    volume={21},
    number={6},
    pages={467-488},
    issn={1572-9575},
    doi={10.1007/BF02650179},
    url={https://doi.org/10.1007/BF02650179}
}

@article{Feynman1984,
    title={Quantum Mechanical Computers},
    author={Feynman, Richard P.},
    journal={Optics News},
    volume={10},
    number={6},
    pages={60-61},
    year={1984}
}

@article{Shor1997,
   title={Polynomial-Time Algorithms for Prime Factorization and Discrete Logarithms on a Quantum Computer},
   volume={26},
   ISSN={1095-7111},
   url={http://dx.doi.org/10.1137/S0097539795293172},
   DOI={10.1137/s0097539795293172},
   number={5},
   journal={SIAM Journal on Computing},
   publisher={Society for Industrial & Applied Mathematics (SIAM)},
   author={Shor, Peter W.},
   year={1997},
   month=oct,
   pages={1484–1509}
}

@misc{Draper2000,
      title={Addition on a Quantum Computer}, 
      author={Thomas G. Draper},
      year={2000},
      eprint={quant-ph/0008033},
      archivePrefix={arXiv},
      primaryClass={quant-ph}
}

@article{NKO2006,
  author          = {Nascimento, Amanda Leonel AND Kowanda, Luis A. Brasil AND Oliveira, Wilson Rosa},
  journal         = {WECIQ},
  title           = {Uma Unidade Lógica e Aritmética Reversível - A Reversible Arithmetic and Logic Unit},
  year            = {2006}
}

@article{Google2014,
  title = {Entanglement in a Quantum Annealing Processor},
  author = {Lanting, T. and Przybysz, A. J. and Smirnov, A. Yu. and Spedalieri, F. M. and Amin, M. H. and Berkley, A. J. and Harris, R. and Altomare, F. and Boixo, S. and Bunyk, P. and Dickson, N. and Enderud, C. and Hilton, J. P. and Hoskinson, E. and Johnson, M. W. and Ladizinsky, E. and Ladizinsky, N. and Neufeld, R. and Oh, T. and Perminov, I. and Rich, C. and Thom, M. C. and Tolkacheva, E. and Uchaikin, S. and Wilson, A. B. and Rose, G.},
  journal = {Phys. Rev. X},
  volume = {4},
  issue = {2},
  pages = {021041},
  numpages = {14},
  year = {2014},
  month = {May},
  publisher = {American Physical Society},
  doi = {10.1103/PhysRevX.4.021041},
  url = {https://link.aps.org/doi/10.1103/PhysRevX.4.021041}
}

@book{Giannakopoulos2015,
  author         = {Giannakopoulos, Panagiotis I.},
  publisher      = {Kallipos},
  title          = {Logic Circuits},
  year           = {2015}
}

@article{Ruiz_Perez_2017,
  title={Quantum arithmetic with the quantum Fourier transform},
  volume={16},
  ISSN={1573-1332},
  url={http://dx.doi.org/10.1007/s11128-017-1603-1},
  DOI={10.1007/s11128-017-1603-1},
  number={6},
  journal={Quantum Information Processing},
  publisher={Springer Science and Business Media LLC},
  author={Ruiz-Perez, Lidia and Garcia-Escartin, Juan Carlos},
  year={2017},
  month=apr
}

@book{ManoCiletti2018,
    author         = {Mano, Morris M. AND Ciletti, Michael D.},
    publisher      = {Pearson},
    title          = {Digital Design: With an Introduction to the Verilog HDL, VHDL, and SystemVerilog},
    year           = {2017}
}

@online{IBMQuantum2021,
    author       = {IBM},
    title        = {{IBM's} Quantum Platform Homepage},
    note         = {\url{https://quantum.ibm.com} [Accessed: (2024-05-03)]}
}

@article{Thapliyal2021,
  author={Thapliyal, Himanshu and MuÑoz-Coreas, Edgard and Varun, T. S. S. and Humble, Travis S.},
  journal={IEEE Transactions on Emerging Topics in Computing}, 
  title={Quantum Circuit Designs of Integer Division Optimizing T-count and T-depth}, 
  year={2021},
  volume={9},
  number={2},
  pages={1045-1056},
  keywords={Logic gates;Qubit;Fault tolerance;Fault tolerant systems;Computers;Image restoration;Quantum computing;quantum circuits;integer division;restoring division;non-restoring division;clifford+T gates;quantum arithmetic},
  doi={10.1109/TETC.2019.2910870}
}

@book{Marmorkos2024,
    author         = {Marmorkos, Ioannis K.},
    publisher      = {Kallipos},
    title          = {Principles of Quantum Computing},
    year           = {2024}
}

@online{QiskitGitHub,
  author       = {IBM},
  title        = {Qiskit's GitHub Repository},
  note         = {\url{https://github.com/Qiskit/qiskit} [Accessed: 2024-05-03]},
}

@misc{QiskitPIP,
  author       = {IBM},
  title        = {Qiskit's pip search index},
  note          = {\url{https://pypi.org/project/qiskit} [Accessed: 2024-05-03]}
}